<?xml version="1.0" encoding="UTF-8"?><record xmlns="http://www.loc.gov/MARC21/slim" xmlns:cinclude="http://apache.org/cocoon/include/1.0" xmlns:zs="http://www.loc.gov/zing/srw/">
  <leader>00580cz  a2200145n  4500</leader>
  <controlfield tag="001">n 2001030976</controlfield>
  <controlfield tag="003">DLC</controlfield>
  <controlfield tag="005">20010312171952.0</controlfield>
  <controlfield tag="008">010312n| acannaabn          |a aaa      </controlfield>
  <datafield tag="010" ind1=" " ind2=" ">
    <subfield code="a">n 2001030976</subfield>
  </datafield>
  <datafield tag="040" ind1=" " ind2=" ">
    <subfield code="a">DLC</subfield>
    <subfield code="b">eng</subfield>
    <subfield code="c">DLC</subfield>
  </datafield>
  <datafield tag="100" ind1="1" ind2=" ">
    <subfield code="a">Jones, Richard S.</subfield>
    <subfield code="q">(Richard Scott),</subfield>
    <subfield code="d">1970-</subfield>
  </datafield>
  <datafield tag="400" ind1="1" ind2=" ">
    <subfield code="a">Jones, Richard A., 1970-</subfield>
  </datafield>
  <datafield tag="670" ind1=" " ind2=" ">
    <subfield code="a">Jones, Richard S. Archaeological survey of the Crystal City Municipal Landfill Extension, Zavala County, Texas, c2000:</subfield>
    <subfield code="b">t.p. (Richard S. Jones) cover (Richard A. Jones)</subfield>
  </datafield>
  <datafield tag="670" ind1=" " ind2=" ">
    <subfield code="a">Phone call to publr., 03-12-01</subfield>
    <subfield code="b">(Richard Scott Jones, b. Jan. 6, 1970)</subfield>
  </datafield>
</record>